%%
%% This is file `example/bare_thesis.bib',
%% generated with the docstrip utility.
%%
%% The original source files were:
%%
%% install/buptgraduatethesis.dtx  (with options: `bare-thesis-bib')
%% 
%% This file is a part of the example of BUPTGraduateThesis.
%% 
@article{IR,
  added-at = {2010-09-17T00:00:00.000+0200},
  author = {Jansen, Bernard J. and Rieh, Soo Young},
  biburl = {https://www.bibsonomy.org/bibtex/28791e0b1fb0242194c3e8e4211e9fd5f/dblp},
  ee = {http://dx.doi.org/10.1002/asi.21358},
  interhash = {3c71565699bc3ce64c9df1ee60f93a49},
  intrahash = {8791e0b1fb0242194c3e8e4211e9fd5f},
  journal = {JASIST},
  keywords = {dblp},
  number = 8,
  pages = {1517-1534},
  timestamp = {2010-09-18T11:31:50.000+0200},
  title = {The seventeen theoretical constructs of information searching and information retrieval.},
  url = {http://dblp.uni-trier.de/db/journals/jasis/jasis61.html#JansenR10},
  volume = 61,
  year = 2010
}
@inproceedings{wordemb1,
  added-at = {2014-12-10T00:00:00.000+0100},
  author = {Mnih, Andriy and Hinton, Geoffrey E.},
  biburl = {https://www.bibsonomy.org/bibtex/2709011300da8477202e134f5a12f995e/dblp},
  booktitle = {NIPS},
  crossref = {conf/nips/2008},
  editor = {Koller, Daphne and Schuurmans, Dale and Bengio, Yoshua and Bottou, LÃ©on},
  ee = {http://papers.nips.cc/paper/3583-a-scalable-hierarchical-distributed-language-model},
  interhash = {c797940088340948ea1c94a253d15859},
  intrahash = {709011300da8477202e134f5a12f995e},
  keywords = {dblp},
  pages = {1081-1088},
  publisher = {Curran Associates, Inc.},
  timestamp = {2015-06-19T08:13:30.000+0200},
  title = {A Scalable Hierarchical Distributed Language Model.},
  url = {http://dblp.uni-trier.de/db/conf/nips/nips2008.html#MnihH08},
  year = 2008
}
@inproceedings{wordemb2,
  added-at = {2013-11-22T00:00:00.000+0100},
  author = {Socher, Richard and Bauer, John and Manning, Christopher D. and Ng, Andrew Y.},
  biburl = {https://www.bibsonomy.org/bibtex/247df860741f8185281cf9f5020bf68b0/dblp},
  booktitle = {ACL (1)},
  crossref = {conf/acl/2013-1},
  ee = {http://aclweb.org/anthology/P/P13/P13-1045.pdf},
  interhash = {a22e78c0cb216f07be7b18d3737ee402},
  intrahash = {47df860741f8185281cf9f5020bf68b0},
  isbn = {978-1-937284-50-3},
  keywords = {dblp},
  pages = {455-465},
  publisher = {The Association for Computer Linguistics},
  timestamp = {2013-11-27T11:34:03.000+0100},
  title = {Parsing with Compositional Vector Grammars.},
  url = {http://dblp.uni-trier.de/db/conf/acl/acl2013-1.html#SocherBMN13},
  year = 2013
}
@inproceedings{wordemb3,
  added-at = {2016-05-02T10:10:26.000+0200},
  author = {Socher, Richard and Perelygin, Alex and Wu, Jean Y and Chuang, Jason and Manning, Christopher D and Ng, Andrew Y and Potts, Christopher},
  biburl = {https://www.bibsonomy.org/bibtex/2de9dfb80f5da61041e97d80061895f2d/albinzehe},
  booktitle = {Proceedings of the conference on empirical methods in natural language processing (EMNLP)},
  interhash = {0a028a358a4d64a7fe8adc574f8427c1},
  intrahash = {de9dfb80f5da61041e97d80061895f2d},
  keywords = {kallimachos ma-zehe sentimentanalysis},
  organization = {Citeseer},
  pages = 1642,
  timestamp = {2016-05-02T10:10:26.000+0200},
  title = {Recursive deep models for semantic compositionality over a sentiment treebank},
  volume = 1631,
  year = 2013
}
@article{complex1,
  added-at = {2011-12-05T00:00:00.000+0100},
  author = {Karrer, Brian and Newman, M. E. J.},
  biburl = {https://www.bibsonomy.org/bibtex/2e61fb572a1b4255417195e1907f821eb/dblp},
  ee = {http://arxiv.org/abs/1008.3926},
  interhash = {bb44166baa151021e7cdbd4dcc31d3e4},
  intrahash = {e61fb572a1b4255417195e1907f821eb},
  journal = {CoRR},
  keywords = {dblp},
  timestamp = {2011-12-06T12:05:45.000+0100},
  title = {Stochastic blockmodels and community structure in networks},
  url = {http://dblp.uni-trier.de/db/journals/corr/corr1008.html#abs-1008-3926},
  volume = {abs/1008.3926},
  year = 2010
}
@article{complex2,
  added-at = {2015-07-23T17:29:43.000+0200},
  author = {Peixoto, Tiago P.},
  biburl = {https://www.bibsonomy.org/bibtex/27195c5be2a1c85b821566e0406df505a/l.sz.},
  interhash = {9c50adcc14e742f47bcb58c064800510},
  intrahash = {7195c5be2a1c85b821566e0406df505a},
  journal = {Physical Review X},
  keywords = {SNA blockmodel hierarchie network},
  number = 1,
  timestamp = {2015-07-30T21:24:53.000+0200},
  title = {Hierarchical block structures and high-resolution model selection in large networks.},
  url = {http://journals.aps.org/prx/pdf/10.1103/PhysRevX.4.011047},
  volume = 4,
  year = 2013
}
@article{complex3,
  added-at = {2014-04-01T00:00:00.000+0200},
  author = {Larremore, Daniel B. and Clauset, Aaron and Jacobs, Abigail Z.},
  biburl = {https://www.bibsonomy.org/bibtex/23df6f49da2d5d6d5e51801082930168e/dblp},
  ee = {http://arxiv.org/abs/1403.2933},
  interhash = {b14041dbbdfcb4291d7ba08a6d9979f7},
  intrahash = {3df6f49da2d5d6d5e51801082930168e},
  journal = {CoRR},
  keywords = {dblp},
  timestamp = {2015-04-28T03:28:11.000+0200},
  title = {Efficiently inferring community structure in bipartite networks.},
  url = {http://dblp.uni-trier.de/db/journals/corr/corr1403.html#LarremoreCJ14},
  volume = {abs/1403.2933},
  year = 2014
}
@INPROCEEDINGS{krestel2009latent,
  acmid = {1639726},
  added-at = {2016-05-30T16:57:40.000+0200},
  address = {New York, NY, USA},
  author = {Krestel, Ralf and Fankhauser, Peter and Nejdl, Wolfgang},
  biburl = {https://www.bibsonomy.org/bibtex/24906cae60832e38c976c8e4e7314980d/msteininger},
  booktitle = {Proceedings of the Third ACM Conference on Recommender Systems},
  doi = {10.1145/1639714.1639726},
  interhash = {6e7f7d4fb3c40bfbaa30536425f31efc},
  intrahash = {4906cae60832e38c976c8e4e7314980d},
  isbn = {978-1-60558-435-5},
  keywords = {},
  location = {New York, New York, USA},
  numpages = {8},
  pages = {61--68},
  publisher = {ACM},
  series = {RecSys '09},
  timestamp = {2016-05-30T16:57:40.000+0200},
  title = {Latent Dirichlet Allocation for Tag Recommendation},
  url = {http://doi.acm.org/10.1145/1639714.1639726},
  year = 2009
}
@article{BRODER19971157,
title = "Syntactic clustering of the Web",
journal = "Computer Networks and ISDN Systems",
volume = "29",
number = "8",
pages = "1157 - 1166",
year = "1997",
note = "",
issn = "0169-7552",
doi = "http://dx.doi.org/10.1016/S0169-7552(97)00031-7",
url = "http://www.sciencedirect.com/science/article/pii/S0169755297000317",
author = "Andrei Z. Broder and Steven C. Glassman and Mark S. Manasse and Geoffrey Zweig",
keywords = "Similarity",
keywords = "Duplication",
keywords = "Resemblance",
keywords = "Web search",
keywords = "Fingerprints",
keywords = "Signatures"
}
@article{word2vec,
  added-at = {2013-10-23T23:02:12.000+0200},
  author = {Mikolov, Tomas and Chen, Kai and Corrado, Greg and Dean, Jeffrey},
  biburl = {https://www.bibsonomy.org/bibtex/29665b85e8756834ac29fcbd2c6ad0837/wool},
  ee = {http://arxiv.org/abs/1301.3781},
  interhash = {e92df552b17e9f952226a893b84ad739},
  intrahash = {9665b85e8756834ac29fcbd2c6ad0837},
  journal = {CoRR},
  keywords = {nlp},
  timestamp = {2013-10-23T23:02:12.000+0200},
  title = {Efficient Estimation of Word Representations in Vector Space},
  url = {http://dblp.uni-trier.de/db/journals/corr/corr1301.html#abs-1301-3781},
  volume = {abs/1301.3781},
  year = 2013
}

@article{mapequation,
author = {Rosvall, Martin and Bergstrom, Carl T.}, 
title = {Maps of random walks on complex networks reveal community structure},
volume = {105}, 
number = {4}, 
pages = {1118-1123}, 
year = {2008}, 
doi = {10.1073/pnas.0706851105}, 
URL = {http://www.pnas.org/content/105/4/1118.abstract}, 
eprint = {http://www.pnas.org/content/105/4/1118.full.pdf}, 
journal = {Proceedings of the National Academy of Sciences} 
}

@INPROCEEDINGS{ComplexityOfLDA,
title = {Complexity of Inference in Latent Dirichlet Allocation},
author = {Sontag, David and Dan Roy},
booktitle = {Advances in Neural Information Processing Systems 24},
editor = {J. Shawe-Taylor and R. S. Zemel and P. L. Bartlett and F. Pereira and K. Q. Weinberger},
pages = {1008--1016},
year = {2011},
publisher = {Curran Associates, Inc.},
url = {http://papers.nips.cc/paper/4232-complexity-of-inference-in-latent-dirichlet-allocation.pdf}
}

@INPROCEEDINGS{RethinkingLDA,
title = {Rethinking LDA: Why Priors Matter},
author = {Hanna M. Wallach and David M. Mimno and Andrew McCallum},
booktitle = {Advances in Neural Information Processing Systems 22},
editor = {Y. Bengio and D. Schuurmans and J.D. Lafferty and C.K.I. Williams and A. Culotta},
pages = {1973-1981},
year = {2009},
publisher = {Curran Associates, Inc.},
url = {http://papers.nips.cc/paper/3854-rethinking-lda-why-priors-matter.pdf}
}
@INPROCEEDINGS{Barathi, 
author={Barathi, B.U.A.}, 
booktitle={Sustainable Energy and Intelligent Systems (SEISCON 2011), International Conference on}, 
title={Cross-domain text classification using semantic based approach}, 
year={2011}, 
pages={820-825}, 
doi={10.1049/cp.2011.0479}, 
month={July},}
@INPROCEEDINGS{SAtPLSA, 
author={Rui Zhao and Kezhi Mao}, 
booktitle={Data Mining Workshop (ICDMW), 2014 IEEE International Conference on}, 
title={Supervised Adaptive-Transfer PLSA for Cross-Domain Text Classification}, 
year={2014}, 
pages={259-266}, 
doi={10.1109/ICDMW.2014.163}, 
month={Dec},}
@INPROCEEDINGS{TwsTc, 
author={Ghazifard, A.M. and Shamaee, Z. and Shams, M.}, 
booktitle={e-Commerce in Developing Countries: With Focus on e-Security (ECDC), 2013 7th Intenational Conference on}, 
title={Topic word set-based text clustering}, 
year={2013}, 
pages={1-10}, 
doi={10.1109/ECDC.2013.6556740}, 
month={April},}
@INPROCEEDINGS{TopicClust, 
author={Hsi-Cheng Chang and Chiun-Chieh Hsu}, 
booktitle={Information Technology and Applications, 2005. ICITA 2005. Third International Conference on}, 
title={Using topic keyword clusters for automatic document clustering}, 
year={2005}, 
volume={1}, 
pages={419-424 vol.1}, 
doi={10.1109/ICITA.2005.303}, 
month={July},}
@INPROCEEDINGS{Recom1, 
author={Wilson, J. and Chaudhury, S. and Lall, B.}, 
booktitle={Web Intelligence (WI) and Intelligent Agent Technologies (IAT), 2014 IEEE/WIC/ACM International Joint Conferences on}, 
title={Improving Collaborative Filtering Based Recommenders Using Topic Modelling}, 
year={2014}, 
volume={1}, 
pages={340-346}, 
doi={10.1109/WI-IAT.2014.54}, 
month={Aug},}
@article{DIP,
year={2008},
issn={0920-5691},
journal={International Journal of Computer Vision},
volume={79},
number={3},
doi={10.1007/s11263-007-0122-4},
title={Unsupervised Learning of Human Action Categories Using Spatial-Temporal Words},
url={http://dx.doi.org/10.1007/s11263-007-0122-4},
publisher={Springer US},
keywords={Action categorization; Bag of words; Spatio-temporal interest points; Topic models; Unsupervised learning},
author={Niebles, JuanCarlos and Wang, Hongcheng and Fei-Fei, Li},
pages={299-318},
language={English}
}
@article{PLSI,
	Author = {Hofmann, T.},
	Date-Added = {2015-07-26 02:23:53 +0000},
	Date-Modified = {2015-07-26 02:29:32 +0000},
	Journal = {SIGIR},
	Pages = {50-57},
	Title = {Probabilistic latent semantic indexing},
	Year = {1999}}

@article{PhysRevX.5.011007,
  title = {High-Reproducibility and High-Accuracy Method for Automated Topic Classification},
  author = {Lancichinetti, Andrea and Sirer, M. Irmak and Wang, Jane X. and Acuna, Daniel and K\"ording, Konrad and Amaral, Lu\'{i}s A. Nunes},
  journal = {Phys. Rev. X},
  volume = {5},
  issue = {1},
  pages = {011007},
  numpages = {11},
  year = {2015},
  month = {Jan},
  publisher = {American Physical Society},
  doi = {10.1103/PhysRevX.5.011007},
  url = {http://link.aps.org/doi/10.1103/PhysRevX.5.011007}
}
@ARTICLE{ProbabilisticTopicModels, 
author={Blei, D. and Carin, L. and Dunson, D.}, 
journal={Signal Processing Magazine, IEEE}, 
title={Probabilistic Topic Models}, 
year={2010}, 
volume={27}, 
number={6}, 
pages={55-65}, 
doi={10.1109/MSP.2010.938079}, 
ISSN={1053-5888}, 
month={Nov},}
@INPROCEEDINGS{4476690, 
author={Nallapati, Ramesh and Cohen, William and Lafferty, J.}, 
booktitle={Data Mining Workshops, 2007. ICDM Workshops 2007. Seventh IEEE International Conference on}, 
title={Parallelized Variational EM for Latent Dirichlet Allocation: An Experimental Evaluation of Speed and Scalability}, 
year={2007}, 
pages={349-354}, 
doi={10.1109/ICDMW.2007.33}, 
month={Oct},}
@article{Griffiths06042004,
author = {Griffiths, Thomas L. and Steyvers, Mark}, 
title = {Finding scientific topics},
volume = {101}, 
number = {suppl 1}, 
pages = {5228-5235}, 
year = {2004}, 
doi = {10.1073/pnas.0307752101}, 
URL = {http://www.pnas.org/content/101/suppl_1/5228.abstract}, 
eprint = {http://www.pnas.org/content/101/suppl_1/5228.full.pdf}, 
journal = {Proceedings of the National Academy of Sciences} 
}
@article{Rosvall29012008,
author = {Rosvall, Martin and Bergstrom, Carl T.}, 
title = {Maps of random walks on complex networks reveal community structure},
volume = {105}, 
number = {4}, 
pages = {1118-1123}, 
year = {2008}, 
doi = {10.1073/pnas.0706851105}, 
URL = {http://www.pnas.org/content/105/4/1118.abstract}, 
eprint = {http://www.pnas.org/content/105/4/1118.full.pdf}, 
journal = {Proceedings of the National Academy of Sciences} 
}
@article{HME,
    author = {Rosvall, Martin AND Bergstrom, Carl T.},
    journal = {PLoS ONE},
    publisher = {Public Library of Science},
    title = {Multilevel Compression of Random Walks on Networks Reveals Hierarchical Organization in Large Integrated Systems},
    year = {2011},
    month = {04},
    volume = {6},
    url = {http://dx.doi.org/10.1371%2Fjournal.pone.0018209},
    pages = {e18209},
    abstract = {
        <p>To comprehend the hierarchical organization of large integrated systems, we introduce the hierarchical map equation, which reveals multilevel structures in networks. In this information-theoretic approach, we exploit the duality between compression and pattern detection; by compressing a description of a random walker as a proxy for real flow on a network, we find regularities in the network that induce this system-wide flow. Finding the shortest multilevel description of the random walker therefore gives us the best hierarchical clustering of the network â the optimal number of levels and modular partition at each level â with respect to the dynamics on the network. With a novel search algorithm, we extract and illustrate the rich multilevel organization of several large social and biological networks. For example, from the global air traffic network we uncover countries and continents, and from the pattern of scientific communication we reveal more than 100 scientific fields organized in four major disciplines: life sciences, physical sciences, ecology and earth sciences, and social sciences. In general, we find shallow hierarchical structures in globally interconnected systems, such as neural networks, and rich multilevel organizations in systems with highly separated regions, such as road networks.</p>
      },
    number = {4},
    doi = {10.1371/journal.pone.0018209}
}

@article{Martin20013,
title = "Statistical mechanics methods and phase transitions in optimization problems ",
journal = "Theoretical Computer Science ",
volume = "265",
number = "1â2",
pages = "3-67",
year = "2001",
note = "Phase Transitions in Combinatorial Problems ",
issn = "0304-3975",
doi = "http://dx.doi.org/10.1016/S0304-3975(01)00149-9",
url = "http://www.sciencedirect.com/science/article/pii/S0304397501001499",
author = "Olivier C. Martin and RÃ©mi Monasson and Riccardo Zecchina",
keywords = "Statistical physics",
keywords = "Phase transitions",
keywords = "Optimization",
keywords = "Satisfiability",
keywords = "Random graph",
keywords = "Traveling salesman "
}

@article{CommunityDetection,
title = "Community detection in graphs ",
journal = "Physics Reports ",
volume = "486",
number = "3â5",
pages = "75-174",
year = "2010",
note = "",
issn = "0370-1573",
doi = "http://dx.doi.org/10.1016/j.physrep.2009.11.002",
url = "http://www.sciencedirect.com/science/article/pii/S0370157309002841",
author = "Santo Fortunato",
keywords = "Graphs",
keywords = "Clusters",
keywords = "Statistical physics "
}

@article{StochasticBlockmodels,
  title = {Stochastic blockmodels and community structure in networks},
  author = {Karrer, Brian and Newman, M. E. J.},
  journal = {Phys. Rev. E},
  volume = {83},
  issue = {1},
  pages = {016107},
  numpages = {10},
  year = {2011},
  month = {Jan},
  publisher = {American Physical Society},
  doi = {10.1103/PhysRevE.83.016107},
  url = {http://link.aps.org/doi/10.1103/PhysRevE.83.016107}
}

@article{ChineseRestaurantProcess,
 author = {Blei, David M. and Griffiths, Thomas L. and Jordan, Michael I.},
 title = {The Nested Chinese Restaurant Process and Bayesian Nonparametric Inference of Topic Hierarchies},
 journal = {J. ACM},
 issue_date = {January 2010},
 volume = {57},
 number = {2},
 month = feb,
 year = {2010},
 issn = {0004-5411},
 pages = {7:1--7:30},
 articleno = {7},
 numpages = {30},
 url = {http://doi.acm.org/10.1145/1667053.1667056},
 doi = {10.1145/1667053.1667056},
 acmid = {1667056},
 publisher = {ACM},
 address = {New York, NY, USA},
 keywords = {Bayesian nonparametric statistics, unsupervised learning},
} 

@inproceedings{DynamicTopicModels,
 author = {Blei, David M. and Lafferty, John D.},
 title = {Dynamic Topic Models},
 booktitle = {Proceedings of the 23rd International Conference on Machine Learning},
 series = {ICML '06},
 year = {2006},
 isbn = {1-59593-383-2},
 location = {Pittsburgh, Pennsylvania, USA},
 pages = {113--120},
 numpages = {8},
 url = {http://doi.acm.org/10.1145/1143844.1143859},
 doi = {10.1145/1143844.1143859},
 acmid = {1143859},
 publisher = {ACM},
 address = {New York, NY, USA},
} 

@article{LDA,
	Author = {Blei, D. M.; Ng, A. Y.; and Jordan, M. I.},
	Date-Added = {2015-07-26 01:43:57 +0000},
	Date-Modified = {2015-07-26 03:34:44 +0000},
	Journal = {Journal of Machine Learning Research},
	Pages = {993-1022},
	Rating = {5},
	Read = {0},
	Title = {Latent dirichlet allocation},
	Year = {2003},
	Bdsk-File-1 = {YnBsaXN0MDDUAQIDBAUGJCVYJHZlcnNpb25YJG9iamVjdHNZJGFyY2hpdmVyVCR0b3ASAAGGoKgHCBMUFRYaIVUkbnVsbNMJCgsMDxJXTlMua2V5c1pOUy5vYmplY3RzViRjbGFzc6INDoACgAOiEBGABIAFgAdccmVsYXRpdmVQYXRoWWFsaWFzRGF0YVhMREFwLnBkZtIXCxgZV05TLmRhdGFPEQFoAAAAAAFoAAIAAAxNYWNpbnRvc2ggSEQAAAAAAAAAAAAAAAAAAADQZtrXSCsAAAAJP7YITERBcC5wZGYAAAAAAAAAAAAAAAAAAAAAAAAAAAAAAAAAAAAAAAAAAAAAAAAAAAAAAAAAAAAAAAAAAAAAAAAAAHzwrdHG6x8AAAAAAAAAAAABAAIAAAkgAAAAAAAAAAAAAAAAAAAACURvY3VtZW50cwAAEAAIAADQZmpXAAAAEQAIAADRxnqfAAAAAQAMAAk/tgAJP7UAApPVAAIAME1hY2ludG9zaCBIRDpVc2VyczoAcm95emhvdToARG9jdW1lbnRzOgBMREFwLnBkZgAOABIACABMAEQAQQBwAC4AcABkAGYADwAaAAwATQBhAGMAaQBuAHQAbwBzAGgAIABIAEQAEgAgVXNlcnMvcm95emhvdS9Eb2N1bWVudHMvTERBcC5wZGYAEwABLwAAFQACAA7//wAAgAbSGxwdHlokY2xhc3NuYW1lWCRjbGFzc2VzXU5TTXV0YWJsZURhdGGjHR8gVk5TRGF0YVhOU09iamVjdNIbHCIjXE5TRGljdGlvbmFyeaIiIF8QD05TS2V5ZWRBcmNoaXZlctEmJ1Ryb290gAEACAARABoAIwAtADIANwBAAEYATQBVAGAAZwBqAGwAbgBxAHMAdQB3AIQAjgCXAJwApAIQAhICFwIiAisCOQI9AkQCTQJSAl8CYgJ0AncCfAAAAAAAAAIBAAAAAAAAACgAAAAAAAAAAAAAAAAAAAJ+}}

@INPROCEEDINGS{mikolov2013distributed,
  added-at = {2015-08-28T18:25:59.000+0200},
  author = {Mikolov, Tomas and Sutskever, Ilya and Chen, Kai and Corrado, Greg S and Dean, Jeff},
  biburl = {https://www.bibsonomy.org/bibtex/2f310b01a7363a94322e180ecd249bec0/thoni},
  booktitle = {Advances in Neural Information Processing Systems 26},
  editor = {Burges, C.J.C. and Bottou, L. and Welling, M. and Ghahramani, Z. and Weinberger, K.Q.},
  interhash = {4d7ff49f008ec05928f11e50f2db1cf9},
  intrahash = {f310b01a7363a94322e180ecd249bec0},
  keywords = {deep deepwiki learning word2vec},
  pages = {3111--3119},
  publisher = {Curran Associates, Inc.},
  timestamp = {2016-09-06T08:23:07.000+0200},
  title = {Distributed Representations of Words and Phrases and their Compositionality},
  url = {http://papers.nips.cc/paper/5021-distributed-representations-of-words-and-phrases-and-their-compositionality.pdf},
  year = 2013
}

@article{PCAw2v,
  added-at = {2014-01-06T00:00:00.000+0100},
  author = {Lebret, RÃ©mi and Lebret, Ronan},
  biburl = {https://www.bibsonomy.org/bibtex/264ca82f3fa982a48cbf4cac493e3ca7b/dblp},
  ee = {http://arxiv.org/abs/1312.5542},
  interhash = {c41daf032ce96f0950d5786cb125f957},
  intrahash = {64ca82f3fa982a48cbf4cac493e3ca7b},
  journal = {CoRR},
  keywords = {dblp},
  timestamp = {2014-01-07T11:35:04.000+0100},
  title = {Word Emdeddings through Hellinger PCA.},
  url = {http://dblp.uni-trier.de/db/journals/corr/corr1312.html#LebretL13},
  volume = {abs/1312.5542},
  year = 2013
}

@INPROCEEDINGS{MFw2v,
  added-at = {2016-03-09T14:30:24.000+0100},
  author = {Levy, Omer and Goldberg, Yoav},
  biburl = {https://www.bibsonomy.org/bibtex/2f07d10def8caad468df03e016bb04ae6/thoni},
  booktitle = {Advances in Neural Information Processing Systems 27},
  editor = {Ghahramani, Z. and Welling, M. and Cortes, C. and Lawrence, N. D. and Weinberger, K. Q.},
  interhash = {85dfc849c364f186582e7bfc781e28d7},
  intrahash = {f07d10def8caad468df03e016bb04ae6},
  keywords = {deeplearning embedding factorization networks neural},
  pages = {2177--2185},
  publisher = {Curran Associates, Inc.},
  timestamp = {2016-09-06T08:23:07.000+0200},
  title = {Neural Word Embedding as Implicit Matrix Factorization},
  url = {http://papers.nips.cc/paper/5477-neural-word-embedding-as-implicit-matrix-factorization.pdf},
  year = 2014
}

@INPROCEEDINGS{EMFw2v
  added-at = {2016-04-11T00:00:00.000+0200},
  author = {Li, Yitan and Xu, Linli and Tian, Fei and Jiang, Liang and Zhong, Xiaowei and Chen, Enhong},
  biburl = {https://www.bibsonomy.org/bibtex/2164442401528ed58634a614531e89824/dblp},
  booktitle = {IJCAI},
  crossref = {conf/ijcai/2015},
  editor = {Yang, Qiang and Wooldridge, Michael},
  ee = {http://ijcai.org/Abstract/15/513},
  interhash = {19f70075ee366912734c8a326b076d51},
  intrahash = {164442401528ed58634a614531e89824},
  isbn = {978-1-57735-738-4},
  keywords = {dblp},
  pages = {3650-3656},
  publisher = {AAAI Press},
  timestamp = {2016-07-21T11:42:59.000+0200},
  title = {Word Embedding Revisited: A New Representation Learning and Explicit Matrix Factorization Perspective.},
  url = {http://dblp.uni-trier.de/db/conf/ijcai/ijcai2015.html#LiXTJZC15},
  year = 2015
}

@INPROCEEDINGS{levy2014linguistic,
  added-at = {2016-04-04T12:53:00.000+0200},
  author = {Levy, Omer and Goldberg, Yoav and Ramat-Gan, Israel},
  biburl = {https://www.bibsonomy.org/bibtex/2a62bbdc1263ee67499da5921d5cc58b4/thoni},
  booktitle = {CoNLL},
  interhash = {424c1354e333ebedc0558d6467699d7c},
  intrahash = {a62bbdc1263ee67499da5921d5cc58b4},
  keywords = {deeplearning linguistic regularities},
  pages = {171--180},
  timestamp = {2016-09-06T08:23:07.000+0200},
  title = {Linguistic Regularities in Sparse and Explicit Word Representations.},
  year = 2014
}

@inproceedings{BengioDV00,
  added-at = {2014-12-10T00:00:00.000+0100},
  author = {Bengio, Yoshua and Ducharme, RÃ©jean and Vincent, Pascal},
  biburl = {https://www.bibsonomy.org/bibtex/2b64b7e3466849e9f27774f6be7d1bdee/dblp},
  booktitle = {NIPS},
  crossref = {conf/nips/2000},
  editor = {Leen, Todd K. and Dietterich, Thomas G. and Tresp, Volker},
  ee = {http://papers.nips.cc/paper/1839-a-neural-probabilistic-language-model},
  interhash = {d1d9b7d2f7b10da2d671f8d5fb92b2b0},
  intrahash = {b64b7e3466849e9f27774f6be7d1bdee},
  keywords = {dblp},
  pages = {932-938},
  publisher = {MIT Press},
  timestamp = {2015-06-19T08:29:25.000+0200},
  title = {A Neural Probabilistic Language Model.},
  url = {http://dblp.uni-trier.de/db/conf/nips/nips2000.html#BengioDV00},
  year = 2000
}

@inproceedings{CollobertW08,
  added-at = {2008-08-14T00:00:00.000+0200},
  author = {Collobert, Ronan and Weston, Jason},
  biburl = {https://www.bibsonomy.org/bibtex/2b11574f97d1e6d10cea632ad53e15ff3/dblp},
  booktitle = {ICML},
  crossref = {conf/icml/2008},
  date = {2008-08-14},
  description = {dblp},
  editor = {Cohen, William W. and McCallum, Andrew and Roweis, Sam T.},
  ee = {http://doi.acm.org/10.1145/1390156.1390177},
  interhash = {3f9fd54a89bf8be67e9de4c766dcba83},
  intrahash = {b11574f97d1e6d10cea632ad53e15ff3},
  isbn = {978-1-60558-205-4},
  keywords = {dblp},
  pages = {160-167},
  publisher = {ACM},
  series = {ACM International Conference Proceeding Series},
  timestamp = {2008-08-15T11:51:21.000+0200},
  title = {A unified architecture for natural language processing: deep neural networks with multitask learning.},
  url = {http://dblp.uni-trier.de/db/conf/icml/icml2008.html#CollobertW08},
  volume = 307,
  year = 2008
}

@inproceedings{Schafer2007,
  added-at = {2013-01-31T09:21:26.000+0100},
  author = {Schafer, J. Ben and Frankowski, dan and Herlocker, Jon and Sen, Shilad},
  bibsource = {DBLP, http://dblp.uni-trier.de},
  biburl = {https://www.bibsonomy.org/bibtex/235b13e708c1ac3d93f5166b4e876c740/kkrieger},
  booktitle = {The Adaptive Web},
  crossref = {Brusilovsky2007},
  editor = {Brusilovsky, Peter and Kobsa, Alfred and Nejdl, Wolfgang},
  interhash = {bccec4b3f6845eff4966c5cab3315509},
  intrahash = {35b13e708c1ac3d93f5166b4e876c740},
  isbn = {978-3-540-72078-2},
  keywords = {collaborative, filtering recommendation,},
  owner = {kkrieger},
  publisher = {Springer},
  series = {Lecture Notes in Computer Science},
  timestamp = {2013-01-31T09:21:27.000+0100},
  title = {Collaborative Filtering Recommender Systems},
  volume = 4321,
  year = 2007
}
@article{synonymy,
  added-at = {2012-08-14T10:23:20.000+0200},
  author = {Su, X. and Khoshgoftaar, T.M.},
  biburl = {https://www.bibsonomy.org/bibtex/28831cd98e7c4d6b66f344d6ed272bfc0/folke},
  interhash = {c4b9bc2a7a81d496c390f3ade6f6e8a7},
  intrahash = {8831cd98e7c4d6b66f344d6ed272bfc0},
  journal = {Advances in Artificial Intelligence},
  keywords = {cf collaborative filtering recommender review survey},
  pages = 4,
  publisher = {Hindawi Publishing Corp.},
  timestamp = {2012-08-14T10:23:20.000+0200},
  title = {A survey of collaborative filtering techniques},
  url = {http://scholar.google.de/scholar.bib?q=info:o3hzUStF2YoJ:scholar.google.com/&output=citation&hl=de&as_sdt=0,5&ct=citation&cd=0},
  volume = 2009,
  year = 2009
}
@INPROCEEDINGS{shillingattacks, 
author={F. Zhang}, 
booktitle={Computational Intelligence and Software Engineering, 2009. CiSE 2009. International Conference on}, 
title={A Survey of Shilling Attacks in Collaborative Filtering Recommender Systems}, 
year={2009}, 
pages={1-4}, 
keywords={information filtering;security of data;algorithm dependence;attack detection;attack evaluation metrics;collaborative filtering recommender systems;information overload;shilling attacks;Collaboration;Collaborative work;Databases;Finance;Information filtering;Information filters;Information management;Recommender systems;Stability;Taxonomy}, 
doi={10.1109/CISE.2009.5365077}, 
month={Dec},}
@BOOK{Longtail,
title="Steady-State Properties of of GI/G/1",
bookTitle="Applied Probability and Queues",
year="2003",
publisher="Springer New York",
address="New York, NY",
pages="266--301",
isbn="978-0-387-21525-9",
doi="10.1007/0-387-21525-5_10",
url="http://dx.doi.org/10.1007/0-387-21525-5_10"
}
@inproceedings{PLDA,
  added-at = {2009-06-22T00:00:00.000+0200},
  author = {Wang, Yi and Bai, Hongjie and Stanton, Matt and Chen, Wen-Yen and Chang, Edward Y.},
  biburl = {https://www.bibsonomy.org/bibtex/2926fb260c1b6856f460719d0f0d8fc35/dblp},
  booktitle = {AAIM},
  crossref = {conf/aaim/2009},
  date = {2009-06-22},
  description = {dblp},
  editor = {Goldberg, Andrew V. and Zhou, Yunhong},
  ee = {http://dx.doi.org/10.1007/978-3-642-02158-9_26},
  interhash = {283d04b1bda1fece0c9b61b20f4a8e1f},
  intrahash = {926fb260c1b6856f460719d0f0d8fc35},
  isbn = {978-3-642-02157-2},
  keywords = {dblp},
  pages = {301-314},
  publisher = {Springer},
  series = {Lecture Notes in Computer Science},
  timestamp = {2009-07-16T14:48:16.000+0200},
  title = {PLDA: Parallel Latent Dirichlet Allocation for Large-Scale Applications.},
  url = {http://dblp.uni-trier.de/db/conf/aaim/aaim2009.html#WangBSCC09},
  volume = 5564,
  year = 2009
}
@inproceedings{lightLDA,
  added-at = {2015-05-25T00:00:00.000+0200},
  author = {Yuan, Jinhui and Gao, Fei and Ho, Qirong and Dai, Wei and Wei, Jinliang and Zheng, Xun and Xing, Eric Po and Liu, Tie-Yan and Ma, Wei-Ying},
  biburl = {https://www.bibsonomy.org/bibtex/2d5384958fd0dc62a4f7bd22d99ae5f4c/dblp},
  booktitle = {WWW},
  crossref = {conf/www/2015},
  editor = {Gangemi, Aldo and Leonardi, Stefano and Panconesi, Alessandro},
  ee = {http://doi.acm.org/10.1145/2736277.2741115},
  interhash = {a8da6c16b15024fe9c155c3b62caefe5},
  intrahash = {d5384958fd0dc62a4f7bd22d99ae5f4c},
  isbn = {978-1-4503-3469-3},
  keywords = {dblp},
  pages = {1351-1361},
  publisher = {ACM},
  timestamp = {2015-06-18T21:48:37.000+0200},
  title = {LightLDA: Big Topic Models on Modest Computer Clusters.},
  url = {http://dblp.uni-trier.de/db/conf/www/www2015.html#YuanGHDWZXLM15},
  year = 2015
}
@BUPTGraduateThesisBSTCTL{BSTcontrol,
  CTLmaxnum_authors = "3"
  CTLswitch_chs_punc = "no",
}

@BOOK{CITATION_BOOK,
  author = "Lippman, Stanley B. and Lajoie, Jos{\'e}e",
  booktitle = "C++ Primerä¸­æç",
  translator = "çå and æ¨å·¨ç½",
  edition = "5",
  address = "ä¸­å½",
  publisher = "çµå­å·¥ä¸åºçç¤¾",
  year = "2013",
  pages = "1-838",
  language = "chs",
  note = ""
}

@ARTICLE{CITATION_ARTICLE,
  author = "Erik Dahlman and Bj{\"o}rn Gudmundson and Mats Nilsson and Johan Sk{\"o}ld",
  title = "UMTS/IMT-2000 Based on Wideband CDMA",
  booktitle = "IEEE Communications Magazine",
  year = "1998",
  volume = "36",
  number = "9",
  pages = "70-80",
  multiseriesmsg = "year, volume, number and pages information for paper published in multi-series journals",
  note = ""
}

@PROCEEDINGS{CITATION_PROCEEDINGS,
  editor = "",
  booktitle = "Proceedings of IEEE Global Communications Conference (GLOBECOM'2008)",
  address = "New Orlean, USA",
  publisher = "IEEE",
  year = "2008",
  pages = "",
  note = ""
}

@INPROCEEDINGS{CITATION_INPROCEEDINGS,
  author = "Jindal, Nihar and Andrews, Jeffrey G. and Weber, Steven",
  title = "Rethinking MIMO for Wireless Networks: Linear Throughput Increases with Multiple Receive Antennas",
  booktitle = "Proceedings of IEEE International Conference on Communications (ICC'2009)",
  address = "Dresden, Germany",
  publisher = "IEEE",
  year = "2009",
  pages = "1-6",
  note = ""
}

@DISSERTATION{CITATION_DISSERTATION,
  author = "Mitola, Joseph",
  title = "Cognitive Radio: An Integrated Agent Architecture for Software Defined Radio",
  address = "Stockholm, Sweden",
  publisher = "Royal Institute of Technology",
  year = "2000",
  pages = "",
  note = ""
}

@TECHREPORT{CITATION_TECHREPORT,
  author = "Prasad, N. and Khojastepour, M. A. and Jiang, M. and Wang, X. and Rangarajan, S.",
  title = "MU-MIMO: Demodulation at the Mobile Station",
  address = "",
  publisher = "IEEE 802.16 Broadband Wireless Access Working Group",
  year = "2009",
  pages = "1-11",
  note = ""
}

@PATENT{CITATION_PATENT,
  author = "Paulraj, Arogyaswami J. and Heath, Jr, Robert W. and Sebastian, Peroor K. and Gesbert, David J.",
  title = "Spatial Multiplexing in a Cellular Network",
  address = "USA",
  series = "6067290",
  date = "2000-5-23",
  note = ""
}

@STANDARD{CITATION_STANDARD,
  author = "",
  series = "TS 36.211 V10.5.0",
  title = "Physical Channels and Modulation",
  address = "Valbonne, France",
  publisher = "3GPP",
  year = "2012-6",
  note = ""
}

@NEWSPAPER{CITATION_NEWSPAPER,
  author = "å´å",
  title = "ç«é¶å®è¿å¥æ¬§åæ¶ä»£",
  booktitle = "äººæ°æ¥æ¥",
  date = "2015-1-2",
  language = "chs",
  note = ""
}

@ELECTRONIC{CITATION_ELECTRONIC,
  author = "{ç¾åº¦ç¾ç§}",
  title = "é¦åå¬å¼",
  etype = "EB",
  ehowpublished = "OL",
  source = "http://baike.baidu.com/view/747964.htm",
  date = "2013-10-28",
  language = "chs",
  note = ""
}

@ELECTRONIC{CHANGBANPO,
  author = "èµµäº and æ¹æ and åå¤ and çå¤«äºº and ç³å¤«äºº",
  title = "é¿åå¡",
  etype = "EB",
  ehowpublished = "OL",
  source = "http://baike.baidu.com/subview/428389/5476054.htm",
  language = "chs"
}

@BOOK{SANGUOYANYI,
  author = "ç½è´¯ä¸­",
  title = "ä¸å½æ¼ä¹",
  edition = "1",
  address = "å±±è¥¿å¤ªå",
  year = "åæ«æå",
  language = "chs"
}

@ELECTRONIC{BUPT_Thesis_Format_2014,
  title = "å³äºç ç©¶çå­¦ä½è®ºææ ¼å¼çç»ä¸è¦æ±",
  author = "åäº¬é®çµå¤§å­¦ç ç©¶çé¢å¹å»ä¸å­¦ä½åå¬å®¤",
  etype = "EB",
  ehowpublished = "OL",
  date = "2014-11",
  source = "http://www.bupt.edu.cn/",
  language = "chs"
}

@ELECTRONIC{BUPT_Thesis_Format_2004,
  title = "å³äºç ç©¶çå­¦ä½è®ºææ ¼å¼çç»ä¸è¦æ±",
  author = "åäº¬é®çµå¤§å­¦ç ç©¶çé¢å¹å»ä¸å­¦ä½åå¬å®¤",
  year = "2004",
  etype = "EB",
  ehowpublished = "OL",
  date = "2004",
  source = "http://www.bupt.edu.cn/",
  language = "chs"
}

@ELECTRONIC{latex-bupt,
  author = "çæ­",
  title = "latex-bupt: \LaTeX style for {BUPT} thesis",
  year = "2007",
  etype = "EB",
  ehowpublished = "OL",
  date = "2009-01-14",
  source = "http://code.google.com/p/latex-bupt/",
  language = "chs"
}

@ELECTRONIC{buptthesis,
  author = "å¼ ç",
  title = "åäº¬é®çµå¤§å­¦ç ç©¶çå­¦ä½è®ºæ \LaTeX{} ææ¡£ç±»",
  year = "2009",
  dhowpublished = "online",
  refdate = "2013-07-06",
  source = "http://code.google.com/p/buptthesis/",
  language = "chs"
}

